@article{Burrell2021a,
abstract = {We report on a recent enumeration of groups of order (Formula presented.) which shows that there are Length groups of this order.},
author = {Burrell, David},
doi = {10.1080/00927872.2021.2006680},
file = {:home/david/Dropbox (UFL)/Mendeley/Burrell/Communications in Algebra/Burrell - 2021 - On The Number of Groups of Order $1024$.pdf:pdf},
issn = {15324125},
journal = {Communications in Algebra},
keywords = {enumeration,p-group generation algorithm,p-groups,small groups},
number = {0},
pages = {1--3},
publisher = {Taylor & Francis},
title = {{On The Number of Groups of Order $1024$}},
url = {https://doi.org/10.1080/00927872.2021.2006680},
volume = {0},
year = {2021}
}
